1111111111111100000111111111111111111111111111000001111111111111111111111111110000011111111111111111111111111100000111111111111111111111111111000001111111111111111111111111110000011111111111111111111111111100000111111111111111111111111111000001111111111111111111111111110000011111111111111111111111111100000111111111111111111111111111000001111111111111111111111111110000011111111111111111111111111100000111111111111111111111111111000001111111111111111111111111110000011111111111111111111111111100000111111111111111111111111111000001111111111111111111111111110000011111111111111111111111111100000111111111111111111111111111000001111111111111111111111111110000011111111111111111111111111100000111111111111111111111111111000001111111111111111111111111110000011111111111111111111111111100000111111111111111111111111111000001111111111111111111111111110000011111111111111111111111111100000111111111111111111111111111000001111111111111111111111111110000011111111111111111111111111100000111111111111111111111111111000001111111111111
2222222222222222222222222222222222222222222222222222222222222222222222222222222222222222222222222222222222222222222222222222222222222222222222222222222222222222222222222222222222222222222222222222222222222222222222222222222222222222222222222222222222222222222222222222222222222222222222222222222222222222222222222222222222222222222222222222222222222222222222222222222222222222222222222222222222222222222222222222222222222222222222222222222222222222222222222222222222222222222222222222222222222222222222222222222222222222222222222222222222222222222222222222222222222222222222222222222222222222222222222222222222222222222222222222222222222222222222222222222222222222222222222222222222222222222222222222222222222222222222222222222222222222222222222222222222222222222222222222222222222222222222222222222222222222222222222222222222222222222222222222222222222222222222222222222222222222222222222222222222222222222222222222222222222222222222222222222222222222222222222222222222222222222222222222222222222222222222222222222222222222
1111100000001111111111100000111111111000000011111111111000001111111110000000011111111110000011111111100000000111111111100000111111111000000000111111111000001111111110000000001111111110000011111111100000000001111111100000111111111000000000011111111000001111111110000000000011111110000011111111100000100000111111100000111111111000001000000111111000001111111110000011000001111110000011111111100000110000001111100000111111111000001100000011111000001111111110000011100000011110000011111111100000111000000111100000111111111000001111000000111000001111111110000011110000001110000011111111100000111110000001100000111111111000001111100000011000001111111110000011111100000010000011111111100000111111000000100000111111111000001111111000001000001111111110000011111110000000000011111111100000111111110000000000111111111000001111111100000000001111111110000011111111100000000011111111100000111111111000000000111111111000001111111111000000001111111110000011111111111000000011111111100000111111111110000000111111111000001111111111100000001111
1111111111111000000111111111111111111111111110000001111111111111111111111111100000011111111111111111111111111000000111111111111111111111111110000001111111111111111111111111100000011111111111111111111111111000000111111111111111111111111110000001111111111111111111111111100000011111111111111111111111111000000111111111111111111111111110000001111111111111111111111111100000011111111111111111111111111000000111111111111111111111111110000001111111111111111111111111100000011111111111111111111111111000000111111111111111111111111110000001111111111111111111111111100000011111111111111111111111111000000111111111111111111111111110000001111111111111111111111111100000011111111111111111111111111000000111111111111111111111111110000001111111111111111111111111100000011111111111111111111111111000000111111111111111111111111110000001111111111111111111111111100000011111111111111111111111111000000111111111111111111111111110000001111111111111111111111111100000011111111111111111111111111000000111111111111111111111111110000001111111111111
1111100000000000000000000001111111111000000000000000000000011111111110000000000000000000000111111111100000000000000000000001111111111000000000000000000000011111111110000000000000000000000111111111111111111000000111111111111111111111111110000001111111111111111111111111100000011111111111111111111111111000000111111111111111111111111110000001111111111111111111111111100000011111111111111111111111111000000111111111111111111111111110000001111111111111111111111111100000011111111111111111111111111000000111111111111111111111111110000001111111111111111111111111100000011111111111111111111111111000000111111111111111111111111110000001111111111111111111111111100000011111111111111111111111111000000111111111111111111111111110000001111111111111111111111111100000011111111111111111111111111000000111111111111111111111111110000001111111111111111111111111100000011111111111111111111111111000000111111111111111111111111110000001111111111111111111111111100000011111111111111111111111111000000111111111111111111111111110000001111111111111
1111111111111100000111111111111111111111111111000001111111111111111111111111110000011111111111111111111111111100000111111111111111111111111111000001111111111111111111111111110000011111111111111111111111111100000111111111111111111111111111000001111111111111111111111111110000011111111111111111111111111100000111111111111111111111111111000001111111111111111111111111110000011111111111111111111111111100000111111111111111111111111111000001111111111111111111111111110000011111111111111111111111111100000111111111111111111111111111000001111111111111111111111111110000011111111111111111111111111100000111111111111111111111111111000001111111111111111111111111110000011111111111111111111111111100000111111111111111111111111111000001111111111111111111111111110000011111111111111111111111111100000111111111111111111111111111000001111111111111111111111111110000011111111111111111111111111100000111111111111111111111111111000001111111111111111111111111110000011111111111111111111111111100000111111111111111111111111111000001111111111111
1111111100000000000000000111111111111111000000000000000001111111111111110000000000000000011111111111111100000000000000000111111111111111000000000000000001111111111111110000000000000000011111111111111100000011111111111111111111111111000000111111111111111111111111110000001111111111111111111111111100000011111111111111111111111111000000111111111111111111111111110000001111111111111111111111111100000011111111111111111111111111000000111111111111111111111111110000000000000000111111111111111100000000000000001111111111111111000000000000000011111111111111110000000000000000111111111111111100000011111111111111111111111111000000111111111111111111111111110000001111111111111111111111111100000011111111111111111111111111000000111111111111111111111111110000001111111111111111111111111100000011111111111111111111111111000000111111111111111111111111110000001111111111111111111111111100000000000000000111111111111111000000000000000001111111111111110000000000000000011111111111111100000000000000000111111111111111000000000000000001111111
1111111000000000000000000001111111111110000000000000000000011111111111100000000000000000000111111111111000000000000000000001111111111110000000000000000000011111111111100000000000000000000111111111111111111111111000000011111111111111111111111110000001111111111111111111111111000000011111111111111111111111100000001111111111111111111111111000000111111111111111111111111100000001111111111111111111111111000000111111111111111111111111100000001111111111111111111111110000000111111111111111111111111100000001111111111111111111111110000000111111111111111111111111000000011111111111111111111111110000000111111111111111111111111000000011111111111111111111111110000001111111111111111111111111000000011111111111111111111111110000001111111111111111111111111000000011111111111111111111111100000001111111111111111111111111000000111111111111111111111111100000001111111111111111111111110000000000000000000001111111111100000000000000000000011111111111000000000000000000000111111111110000000000000000000001111111111100000000000000000000011111
1111111111111111111111111111111111111111111111111111111111111111111111111111111111111111111111111111111111111111111111111111111111111111111111111111111111111111111111111111111111111111111111111111111111111111111111111111111111111111111111111111111111111111111111111111111111111111111111111111111111111111111111111111111111111111111111111111111111111111000000000000000000000000000000000000000000000000000000000000000000000000000000000000000000000000000000000000000000000000000000000000000000000000000000000000000000000000000000000000000000000000000000000000000000000000000000000000000000000000000000000000000000000000000000000000000000000000000000000000000000000000000000000000000000000000000000000000000011111111111111111111111111111111111111111111111111111111111111111111111111111111111111111111111111111111111111111111111111111111111111111111111111111111111111111111111111111111111111111111111111111111111111111111111111111111111111111111111111111111111111111111111111111111111111111111111111111111111111111111111111111111
1110000000111111111111100000011111110000001111111111111000000111111100000001111111111100000001111111000000011111111111000000011111110000000111111111110000001111111110000001111111111000000011111111100000001111111110000001111111111000000011111111100000011111111111000000111111111000000111111111110000001111111110000001111111111100000001111111000000111111111111000000011111110000001111111111111000000111111100000011111111111110000001111110000001111111111111100000001111100000011111111111111100000011111000000111111111111111000000111110000001111111111111110000001111000000111111111111111110000001110000001111111111111111100000011100000011111111111111111000000111000001111111111111111111000001100000011111111111111111110000001000000111111111111111111100000010000011111111111111111111000000100000111111111111111111111000001000001111111111111111111110000000000111111111111111111111100000000001111111111111111111111000000000011111111111111111111111000000000111111111111111111111110000000011111111111111111111111100000000111111111111
1111111111111100000111111111111111111111111000000000001111111111111111111100000000000000111111111111111100000000000000000111111111111110000000000000000000111111111111100000001111000000001111111111110000000111111100000001111111111000000011111111100000001111111110000001111111111100000011111111000000011111111111000000111111110000001111111111110000000111111100000011111111111110000001111111000000111111111111100000011111110000001111111111111000000111111000000011111111111110000001111110000000111111111111100000011111100000001111111111111000000111111000000011111111111110000001111110000000111111111111100000011111110000001111111111111000000111111100000011111111111110000001111111000000111111111111100000011111110000001111111111110000000111111100000001111111111100000011111111100000011111111110000000111111111000000011111111100000001111111111000000011111110000000111111111110000000001110000000011111111111110000000000000000000111111111111110000000000000000011111111111111110000000000000011111111111111111111000000000011111111111
1111100000011111111111000000111111111000000111111111110000001111111110000001111111111100000011111111100000011111111111000000111111111000000111111111110000001111111110000001111111111100000011111111100000011111111111000000111111111000000111111111110000001111111110000001111111111100000011111111100000011111111111000000111111111000000111111111110000001111111110000001111111111100000011111111100000011111111111000000111111111000000111111111110000001111111110000001111111111100000011111111100000011111111111000000111111111000000111111111110000001111111110000001111111111100000011111111100000011111111111000000111111111000000111111111110000001111111110000001111111111100000011111111100000011111111111000000111111111000000111111111110000011111111111000000111111111000000111111111110000001111111110000001111111111100000011111111100000011111111111000000011111100000001111111111111000000000000000000011111111111110000000000000000001111111111111110000000000000000111111111111111110000000000000011111111111111111111000000000011111111111
1111111111111111000001111111111111111111111110000000000011111111111111111110000000000000011111111111111111000000000000001111111111111111100000000000000011111111111111110000000011111000111111111111111100000011111111101111111111111111000000111111111111111111111111100000011111111111111111111111111000000111111111111111111111111110000000111111111111111111111111110000000111111111111111111111111100000000111111111111111111111111100000000011111111111111111111111000000000001111111111111111111111000000000000111111111111111111111000000000000111111111111111111111100000000000111111111111111111111110000000000111111111111111111111111000000001111111111111111111111111100000001111111111111111111111111000000011111111111111111111111111000000111111111111111111111111110000001111111111111111111111111100000011111111111111111111111110000000111111111111110011111111100000011111111111111100000111000000000111111111111111000000000000000011111111111111100000000000000001111111111111111000000000000000111111111111111111100000000000111111111111
3333333333333333333333333333333333333333333333333333333333333333333333333333333333333333333333333333333333333333333333333333333333333333333333333333333333333333333333333333333333333333333333333333333333333333333333333333333333333333333333333333333333333333333333333333333333333333333333333333333333333333333333333333333333333333333333333333333333333333333333333333333333333333333333333333333333333333333333333333333333333333333333333333333333333333333333333333333333333333333333333333333333333333333333333333333333333333333333333333333333333333333333333333333333333333333333333333333333333333333333333333333333333333333333333333333333333333333333333333333333333333333333333333333333333333333333333333333333333333333333333333333333333333333333333333333333333333333333333333333333333333333333333333333333333333333333333333333333333333333333333333333333333333333333333333333333333333333333333333333333333333333333333333333333333333333333333333333333333333333333333333333333333333333333333333333333333333333333333333333333333333
1111111111111000000111111111111111111111111000000000001111111111111111111000000000000000111111111111111000000000000000000011111111111100000000000000000000011111111110000000000000000000000011111111000000000000000000000000011111100000000000000000000000000011111000000000000000000000000000111100000000000000000000000000000111000000000000000000000000000001100000000000000000000000000000001000000000000000000000000000000010000000000000000000000000000000000000000000000000000000000000000000000000000000000000000000000000000000000000000000000000000000000000000000000000000000000000001000000000000000000000000000000010000000000000000000000000000000100000000000000000000000000000001100000000000000000000000000000111000000000000000000000000000001110000000000000000000000000000011110000000000000000000000000001111110000000000000000000000000111111110000000000000000000000001111111110000000000000000000000111111111110000000000000000000011111111111110000000000000000011111111111111111000000000000011111111111111111111100000000011111111111
1111111111111111111111111111111111111111111111111111111111111111111111111111111111111111111111111111111111111111111111111111111111111111111111111111111111111111111111111111111111111111111111111111111111111111111111111111111111111111111111111111111111111111111111111111111111111111111111111110001111111111111111111111111111100011111101110100110110101111111000111111101101011110100101111111111111101011010011011011101111000001111111111111111111111111110000011111111111111111111111111100000111011111011011010100100011000011101011110101100101001001111000111010111101101011010111011100100110101001010010110111010011000011111111111111111111111111110000111111111111110111111000101001100000000000111111111111111100000001111111000011001111100111100000000011111111110000101000111111111111111111111111111111111111111111111111111111111111111111111111111111111111111111111111111111111111111111111111111111111111111111111111111111111111111111111111111111111111111111111111111111111111111111111111111111111111111111111111111111111111111111
2222222222222222222222222222222222222222222222222222222222222222222222222222222222222222222222222222222222222222222222222222222222222222222222222222222222222222222222222222222222222222222222222222222222222222222222222222222222222222222222222222222222222222222222222222222222222222222222222222222222222222222222222222222222222222222222222222222222222222222222222222222222222222222222222222222222222222222222222222222222222222222222222222222222222222222222222222222222222222222222222222222222222222222222222222222222222222222222222222222222222222222222222222222222222222222222222222222222222222222222222222222222222222222222222222222222222222222222222222222222222222222222222222222222222222222222222222222222222222222222222222222222222222222222222222222222222222222222222222222222222222222222222222222222222222222222222222222222222222222222222222222222222222222222222222222222222222222222222222222222222222222222222222222222222222222222222222222222222222222222222222222222222222222222222222222222222222222222222222222222222222
1111111111111111111111111111111111111111111111111111111111111111111111111111111111111111111111111111111111111111111111111111111111111111111111111111111111111111111111111111111111111111111111110000000000011111110000000111111100000000000111110000000000111111000000000001111000000000011111110000000000011110000011100111111100001111111111000011111111111111000011111111110000111111111111110000111111111100001111111111111100001111111111100001111111111111000001111111111000000111111111110000000000011111000000011111111100000000000111111000000001111111000000000001111111100000011111110000111111111111111110000011111100001111111111111111110000111111000011111111111111111100001111110000111111111111111111000011111100001111111111111111110000111111000000000000111001111000001111110000000000001100000000000111111100000000000011000000000011111111000000000000111000000001111111111111111111111111111111111111111111111111111111111111111111111111111111111111111111111111111111111111111111111111111111111111111111111111111111111111111111111111
1111111111111111111111111111111111111111111111111111111111111111111111111111111111111111111111111111111111111111111111111111111111111111111111111111111111111111111111111111111111111111111111111000001111111000111000000000000010000011111110001110000000000000100000011111100011100000000000001000000111111000111000000000000010000000111110001111111100001111100000000111100011111111000011111000000001111000111111110000111110000100001110001111111100001111100001000011100011111111000011111000011000011000111111110000111110000110000110001111111100001111100001110000100011111111000011111000011100001000111111110000111110000111100010001111111100001111100001111000000011111111000011111000011111000000111111110000111110000111110000001111111100001111100001111110000011111111000011111000011111100000111111110000111110000111111100001111111100001111100001111111000011111111000011111111111111111111111111111111111111111111111111111111111111111111111111111111111111111111111111111111111111111111111111111111111111111111111111111111111111111111
1111111111111111111111111111111111111111111111111111111111111111111111111111111111111111111111111111111111111111111111111111111111111111111111111111111111111111111111111111111111111111111111111000000111100001110000000011111110000001110000011100000000111111100000011100000111000000001111111000000110000101110000000011111110011111100011111111100111111111100111111001111111111001111111111001111110001111111110011111111110011111100011111111100111111111100111111000011111111001111111111000000111000011111110011111111110000001111000011111100111111111100000011111000111111001111111111001111111111000111110011111111110011111111110001111100111111111100111111111110011111001111111111001111110111100111110011111111110011111101110001111100111111111100111111001100011111001111111111000000110000001111110011111001110000001100000011111100111110011100000011100001111111001111100111111111111111111111111111111111111111111111111111111111111111111111111111111111111111111111111111111111111111111111111111111111111111111111111111111111111111111
3333333333333333333333333333333333333333333333333333333333333333333333333333333333333333333333333333333333333333333333333333333333333333333333333333333333333333333333333333333333333333333333333333333333333333333333333333333333333333333333333333333333333333333333333333333333333333333333333333333333333333333333333333333333333333333333333333333333333333333333333333333333333333333333333333333333333333333333333333333333333333333333333333333333333333333333333333333333333333333333333333333333333333333333333333333333333333333333333333333333333333333333333333333333333333333333333333333333333333333333333333333333333333333333333333333333333333333333333333333333333333333333333333333333333333333333333333333333333333333333333333333333333333333333333333333333333333333333333333333333333333333333333333333333333333333333333333333333333333333333333333333333333333333333333333333333333333333333333333333333333333333333333333333333333333333333333333333333333333333333333333333333333333333333333333333333333333333333333333333333333333
